@article{endres2020development,
  title     = {Development of a deep learning algorithm for periapical disease detection in dental radiographs},
  author    = {Endres, Michael G and Hillen, Florian and Salloumis, Marios and Sedaghat, Ahmad R and Niehues, Stefan M and Quatela, Olivia and Hanken, Henning and Smeets, Ralf and Beck-Broichsitter, Benedicta and Rendenbach, Carsten and others},
  journal   = {Diagnostics},
  volume    = {10},
  number    = {6},
  pages     = {430},
  year      = {2020},
  publisher = {MDPI}
}
